


@article{Gulhane-Gurjar,
    author  = "Mr. Viraj A. Gulhane, Dr. Ajay A. Gurjar",
    title   = "Detection of Diseases on Cotton Leaves and Its Possible Diagnosis",
    year    = " 2011",
    journal = "International Journal of Image Processing (IJIP)",
    volume  = "5",
    number  = "5",
    keywords  = "image processing, cotton diseases"
}

@article{Singh-etal,
author = "Singh, A. and Ganapathysubramanian, B. and Sarkar, S. and Singh, A. K.",
title = "Deep learning for plant stress phenotyping: Trends and future perspectives",
year = "2016",
journal = "Frontiers in Plant Science",
volume = "7",
pages = "1510",
doi = "10.3389/fpls.2016.01510"
}

@article{Mohanty-etal,
author = "Mohanty, S. P. and Hughes, D. P. and Salathé, M.",
title = "Using deep learning for image-based plant disease detection",
year = "2016",
journal = "Frontiers in Plant Science",
volume = "7",
pages = "1419",
doi = "10.3389/fpls.2016.01419"
}

@article{Bhoi,
author = "Bhoi, J. M.",
title = "Identification of diseases in cotton leaves using machine learning",
year = "2020",
journal = "Research Square",
doi = "10.21203/rs.3.rs-15795/v1"
}

@article{Dey-etal,
author = "Dey, P. and Roy, P. and Dey, S.",
title = "Automated classification of cotton leaf diseases using deep belief network",
year = "2020",
journal = "Computers and Electronics in Agriculture",
volume = "173",
pages = "105413",
doi = "10.1016/j.compag.2020.105413"
}

@article{Kazemi-etal,
author = "Kazemi, S. H. and Mohsenzadeh, S. and Fooladgar, A.",
title = "A deep transfer learning approach for tomato diseases detection",
year = "2019",
journal = "Computers and Electronics in Agriculture",
volume = "162",
pages = "706-713",
doi = "10.1016/j.compag.2019.04.007"
}

@article{Sharma-etal,
author = "Sharma, P. and Pandey, A. K. and Singh, M.",
title = "Potato disease classification using transfer learning approach",
year = "2021",
journal = "Agricultural Research",
volume = "10",
number = "1",
pages = "57-66",
doi = "10.1007/s40003-020-00495-x"
}

@article{Siddique-etal,
author = "Siddique, A. B. and Akhtar, M. N. and Shafique, M.",
title = "Deep Learning Based Plant Disease Recognition using Mobile Devices",
year = "2020",
journal = "Procedia Computer Science",
volume = "171",
pages = "1129-1136",
doi = "10.1016/j.procs.2020.04.156"
}

@article{Uddin-etal,
author = "Uddin, M. S. and Bhuiyan, M. A. H. and Islam, M. R. and Alom, M. Z.",
title = "A deep learning based mobile application for mango disease detection",
year = "2021",
journal = "Computers and Electronics in Agriculture",
volume = "186",
pages = "106024",
doi = "10.1016/j.compag.2021.106024",
keywords = "deep learning, mango diseases, mobile application"
}







@article{USDA-NASS,
author = "{National Agricultural Statistics Service}",
title = "Annual Cotton Review",
year = "2019",
url = "https://www.nass.usda.gov/Statistics_by_State/Texas/Publications/Current_News_Release/2020_Rls/tx-cotton-review-2020.pdf",
note = "[Online; accessed 13-April-2023]",
keywords = "cotton, agriculture, statistics"
}

@article{Ashqar-Naser,
author = "Belal A.M. Ashqar, Samy S. Abu-Naser",
title = "Image-Based Tomato Leaves Diseases Detection Using Deep Learning",
year = "2018",
journal = "International Journal of Academic Engineering Research (IJAER)",
volume = "2",
number = "12",
pages = "10-16",
issn = "2000-001X",
keywords = "tomato, deep learning, image processing"
}

@article{Gehlot-Saini,
author = "Mamta Gehlot and Madan Lal Saini",
title = "Analysis of Different CNN Architectures For Tomato Leaf Disease Classification",
year = "2020",
booktitle= "5th IEEE International Conference on Recent Advances and Innovations in Engineering, ICRAIE 2020 (IEEE Record#51050)",
keywords = "tomato, CNN, image classification"
}

@article{Sarangdhar-Pawar,
author = "Sarangdhar, A.A., and Pnwar, V.R.",
title = "Machine learning regression technique for cotton leaf disease detection and controlling using IoT",
year = "2017",
booktitle= "2017 International Conference of Electronics, Communications and Aerospace Technology (ICECA), (Vol. 2)",
pages = "449-454",
keywords = "cotton, IoT, machine learning"
}

@misc{Brownlee,
author = "Jason Brownlee",
title = "A Gentle Introduction to Transfer Learning for Deep Learning",
year = "2017",
howpublished = "Machine Learning Mastery",
url = "https://machinelearningmastery.com/transfer-learning-for-deep-learning/#:~:text=Transfer\%20learning\%20is\%20a\%20machine,model\%20on\%20a\%20second\%20task.&text=Common\%20examples\%20of\%20transfer\%20learning,your\%20own\%20predictive\%20modeling\%20problems.",
note = "[Online; accessed 13-April-2023]",
keywords = "deep learning, transfer learning"
}

@article{Disease Detection,
author = "O. Kulkarni",
title = "Crop Disease Detection Using Deep Learning",
year = "2018",
booktitle= "2018 Fourth International Conference on Computing Communication Control and Automation (ICCUBEA), Pune, India",
pages = "1-4",
doi = "10.1109/ICCUBEA.2018.8697390",
keywords = "crop disease, deep learning, image processing"
}

@inproceedings{Disease Diagnosing,
author = "H. Park, E. JeeSook and S. Kim",
title = "Crops Disease Diagnosing Using Image-Based Deep Learning Mechanism",
year = "2018",
booktitle = "International Conference on Computing and Network Communications (CoCoNet)",
pages = "23-26",
doi = "10.1109/CoCoNet.2018.8476914",
keywords = "crop diseases, deep learning"
}

@inproceedings{Gehlot-Saini,
author = "Mamta Gehlot and Madan Lal Saini",
title = "Analysis of Different CNN Architectures For Tomato Leaf Disease Classification",
year = "2020",
booktitle = "5th IEEE International Conference on Recent Advances and Innovations in Engineering, ICRAIE 2020 (IEEE Record#51050)",
keywords = "tomato diseases, CNN architectures"
}

@inproceedings{Howard-Sandler,
author = "Andrew Howard, Mark Sandler, et. al",
title = "Searching for MobileNetV3",
year = "2019",
booktitle = "2019 IEEE/CVF International Conference on Computer Vision (ICCV)",
pages = "1314-1324

@article{Shorten-Khosh,
  author  = "Shorten, C. and Khoshgoftaar, T.M.",
  title   = "A survey on Image Data Augmentation for Deep Learning",
  year    = "2019",
  journal = "Journal of Big Data",
  volume  = "6",
  pages   = "60",
  doi     = "10.1186/s40537-019-0197-0",
  url     = "https://doi.org/10.1186/s40537-019-0197-0"
}

@article{Howard-Zhu,
  author  = "Howard, A.G. and Zhu, M. and Chen, B. and Kalenichenko, D. and Wang, W. and Weyand, T. and Andreetto, M. and Adam, H.",
  title   = "Mobilenets: Efficient convolutional neural networks for mobile vision applications",
  year    = "2017",
  journal = "arXiv preprint arXiv:1704.04861",
  url     = "https://arxiv.org/abs/1704.04861"
}

@misc{Smeda,
  author  = "Smeda, Kousai",
  title   = "Understand the Architecture of CNN",
  year    = "2019",
  howpublished = "Towards Data Science",
  url     = "https://towardsdatascience.com/understand-the-architecture-of-cnn-90a25e244c7"
}

@misc{Yanhui,
  author  = "Chen, Yanhui",
  title   = "From AlexNet to NASNet: A Brief History and Introduction of Convolutional Neural Networks",
  year    = "2021",
  howpublished = "Towards Data Science",
  url     = "https://towardsdatascience.com/from-alexnet-to-NASNet-a-brief-history-and-introduction-of-convolutional-neural-networks-cf63bf3320e1"
}

@inproceedings{Zoph-Vasudevan,
  author  = "Zoph, Barret and Vasudevan, Vijay and et al.",
  title   = "Learning Transferable Architectures for Scalable Image Recognition",
  year    = "2018",
  booktitle = "Proceedings of the IEEE Conference on Computer Vision and Pattern Recognition",
  pages   = "8697--8710",
  doi     = "10.1109/CVPR.2018.00907",
  url     = "https://openaccess.thecvf.com/content_cvpr_2018/html/Zoph_Learning_Transferable_Architectures_CVPR_2018_paper.html"
}

@article{Simonyan-Zisserman,
  author  = {Karen Simonyan and Andrew Zisserman},
  title   = {Very Deep Convolutional Networks For Large-Scale Image Recognition},
  year    = {2015},
  journal = {Department of Engineering Science, University of Oxford}
}

@misc{Neurohive,
  author = {Neurohive},
  title = {{VGG16 - Convolutional Network for Classification and Detection}},
  year = {2018},
  howpublished = {\url{https://neurohive.io/en/popular-networks/vgg16/}},
}

@thesis{Shu,
  author = {Mengyin Shu},
  title = {{Deep Learning for Image Classification on Very Small Datasets Using Transfer Learning}},
  year = {2019},
  school = {Iowa State University},
}

@online{Progrev,
  author = {Programming Review},
  title = {How to Prevent Overfitting | Regularization},
  year = {n.d.},
  url = {https://programming-review.com/machine-learning/overfitting\#cross-validation},
}

@online{Brownlee2,
  author = {Jason Brownlee},
  title = {How to Use Learning Curves to Diagnose Machine Learning Model Performance},
  year = {2019},
  url = {https://machinelearningmastery.com/learning-curves-for-diagnosing-machine-learning-model-performance/},
}

@online{Stackexchange,
  author = {Stack Exchange},
  title = {Validation Accuracy vs Training Accuracy},
  year = {2019},
  url = {https://stats.stackexchange.com/questions/401696/validation-accuracy-vs-testing-accuracy},
}

@article{Singh-et-al,
  author  = {A. Singh and B. Ganapathysubramanian and S. Sarkar and A.K. Singh},
  title   = {Deep learning for plant stress phenotyping: Trends and future perspectives},
  year    = {2016},
  journal = {Frontiers in plant science},
  volume  = {7},
  pages   = {1510},
}

@article{Mohanty-et-al,
  author  = {S.P. Mohanty and D.P. Hughes and M. Salathé},
  title   = {Using deep learning for image-based plant disease detection},
  year    = {2016},
  journal = {Frontiers in plant science},
  volume  = {7},
  pages   = {1419},
}

@article{Bhoi,
  author  = {J.M. Bhoi},
  title   = {Identification of diseases in cotton leaves using machine learning},
  year    = {2020},
  journal = {Research Square},
}

@article{Dey-et-al,
  author  = {P. Dey and P. Roy and S. Dey},
  title   = {Automated classification of cotton leaf diseases using deep belief network},
  year    = {2020},
  journal = {Computers and Electronics in Agriculture},
  volume  = {173},
  pages   = {105413},
}

@article{Kazemi-et-al,
  author  = {S.H. Kazemi and S. Mohsenzadeh and A. Fooladgar},
  title   = {A deep transfer learning approach for tomato diseases detection},
  year    = {2019},
  journal = {Computers and Electronics in Agriculture},
  volume  = {162},
  pages   = {706-713},
  }

  @article{Sharma-et-al,
author = "Sharma, P. and Pandey, A. K. and Singh, M.",
title = "Potato disease classification using transfer learning approach",
year = "2021",
journal = "Agricultural Research",
volume = "10",
number = "1",
pages = "57--66"
}

@article{Siddique-et-al,
author = "Siddique, A. B. and Akhtar, M. N. and Shafique, M.",
title = "Deep Learning Based Plant Disease Recognition using Mobile Devices",
year = "2020",
journal = "Procedia Computer Science",
volume = "171",
pages = "1129--1136"
}

@article{Uddin-et-al,
author = "Uddin, M. S. and Bhuiyan, M. A. H. and Islam, M. R. and Alom, M. Z.",
title = "A deep learning based mobile application for mango disease detection",
year = "2021",
journal = "Computers and Electronics in Agriculture",
volume = "186",
pages = "106024"
}